<?xml version="1.0" encoding="UTF-8"?><record xmlns="http://www.loc.gov/MARC21/slim" xmlns:cinclude="http://apache.org/cocoon/include/1.0" xmlns:zs="http://www.loc.gov/zing/srw/">
  <leader>00493cz  a2200157n  4500</leader>
  <controlfield tag="001">n  98094632 </controlfield>
  <controlfield tag="003">DLC</controlfield>
  <controlfield tag="005">20001202071005.0</controlfield>
  <controlfield tag="008">981021n| acannaabn          |a aaa      </controlfield>
  <datafield tag="010" ind1=" " ind2=" ">
    <subfield code="a">n  98094632 </subfield>
  </datafield>
  <datafield tag="035" ind1=" " ind2=" ">
    <subfield code="a">(OCoLC)oca04843160</subfield>
  </datafield>
  <datafield tag="040" ind1=" " ind2=" ">
    <subfield code="a">DLC</subfield>
    <subfield code="b">eng</subfield>
    <subfield code="c">DLC</subfield>
    <subfield code="d">OCoLC</subfield>
  </datafield>
  <datafield tag="100" ind1="1" ind2=" ">
    <subfield code="a">Rodríguez, Mireya</subfield>
  </datafield>
  <datafield tag="400" ind1="1" ind2=" ">
    <subfield code="a">Rodríquez Delgado, Mireya</subfield>
  </datafield>
  <datafield tag="400" ind1="1" ind2=" ">
    <subfield code="a">Delgado, Mireya Rodríquez</subfield>
  </datafield>
  <datafield tag="670" ind1=" " ind2=" ">
    <subfield code="a">Crónicas de Rafael Solana, 1996:</subfield>
    <subfield code="b">t.p. (Mireya Rodríguez) t.p. verso (Rodríquez Delgado, Mireya)</subfield>
  </datafield>
</record>